<?xml version="1.0" encoding="UTF-8"?><record xmlns="http://www.loc.gov/MARC21/slim" xmlns:cinclude="http://apache.org/cocoon/include/1.0" xmlns:zs="http://www.loc.gov/zing/srw/">
  <leader>02787cz  a2200505n  4500</leader>
  <controlfield tag="001">n  85037822 </controlfield>
  <controlfield tag="003">DLC</controlfield>
  <controlfield tag="005">20130828132729.0</controlfield>
  <controlfield tag="008">850621n| azannaabn          |b aaa      </controlfield>
  <datafield tag="010" ind1=" " ind2=" ">
    <subfield code="a">n  85037822 </subfield>
    <subfield code="z">n  79105054 </subfield>
  </datafield>
  <datafield tag="035" ind1=" " ind2=" ">
    <subfield code="a">(OCoLC)oca01386358</subfield>
  </datafield>
  <datafield tag="040" ind1=" " ind2=" ">
    <subfield code="a">DLC</subfield>
    <subfield code="b">eng</subfield>
    <subfield code="e">rda</subfield>
    <subfield code="c">DLC</subfield>
    <subfield code="d">DLC</subfield>
    <subfield code="d">InU</subfield>
    <subfield code="d">OCoLC</subfield>
    <subfield code="d">DLC</subfield>
    <subfield code="d">InU</subfield>
    <subfield code="d">DLC</subfield>
  </datafield>
  <datafield tag="046" ind1=" " ind2=" ">
    <subfield code="f">18660210</subfield>
    <subfield code="g">19330104</subfield>
  </datafield>
  <datafield tag="053" ind1=" " ind2="0">
    <subfield code="a">PL314.M27</subfield>
    <subfield code="c">Azerbaijani</subfield>
  </datafield>
  <datafield tag="053" ind1=" " ind2="0">
    <subfield code="a">PK6561.Q83</subfield>
    <subfield code="c">Persian</subfield>
  </datafield>
  <datafield tag="100" ind1="1" ind2=" ">
    <subfield code="a">Mămmădguluzadă, Jălil,</subfield>
    <subfield code="d">1866-1932</subfield>
  </datafield>
  <datafield tag="400" ind1="1" ind2=" ">
    <subfield code="w">nne</subfield>
    <subfield code="a">Mămmădguluzadă, Jălil,</subfield>
    <subfield code="d">1866-1931</subfield>
  </datafield>
  <datafield tag="400" ind1="1" ind2=" ">
    <subfield code="a">Mämmädquluzadä, Cälil,</subfield>
    <subfield code="d">1866-1932</subfield>
  </datafield>
  <datafield tag="400" ind1="1" ind2=" ">
    <subfield code="a">Мамедкулизаде, Джалил,</subfield>
    <subfield code="d">1866-1932</subfield>
  </datafield>
  <datafield tag="400" ind1="1" ind2=" ">
    <subfield code="a">Mamedkulizade, Dzhalil,</subfield>
    <subfield code="d">1866-1932</subfield>
  </datafield>
  <datafield tag="400" ind1="1" ind2=" ">
    <subfield code="a">Мамед-Кули-заде, Джалил,</subfield>
    <subfield code="d">1866-1932</subfield>
  </datafield>
  <datafield tag="400" ind1="1" ind2=" ">
    <subfield code="a">Mamed-Kuli-zade, Dzhalil,</subfield>
    <subfield code="d">1866-1932</subfield>
  </datafield>
  <datafield tag="400" ind1="1" ind2=" ">
    <subfield code="a">Mamedgulizade, Jalil,</subfield>
    <subfield code="d">1866-1932</subfield>
  </datafield>
  <datafield tag="400" ind1="1" ind2=" ">
    <subfield code="a">Mammadguluzadah, Jalil,</subfield>
    <subfield code="d">1866-1932</subfield>
  </datafield>
  <datafield tag="400" ind1="1" ind2=" ">
    <subfield code="a">Qulīʹzādah, Jalīl Muḥammad,</subfield>
    <subfield code="d">1866-1932</subfield>
  </datafield>
  <datafield tag="400" ind1="1" ind2=" ">
    <subfield code="a">Qulī Zādah, Jalīl Muḥammad,</subfield>
    <subfield code="d">1866-1932</subfield>
  </datafield>
  <datafield tag="400" ind1="1" ind2=" ">
    <subfield code="a">Muḥammad Qulīʹzādah, Jalīl,</subfield>
    <subfield code="d">1866-1932</subfield>
  </datafield>
  <datafield tag="400" ind1="0" ind2=" ">
    <subfield code="a">Mirzä Cälil,</subfield>
    <subfield code="d">1866-1932</subfield>
  </datafield>
  <datafield tag="400" ind1="1" ind2=" ">
    <subfield code="a">Cälil, Mirzä,</subfield>
    <subfield code="d">1866-1932</subfield>
  </datafield>
  <datafield tag="400" ind1="1" ind2=" ">
    <subfield code="a">Mamedkowlizade, Jalil,</subfield>
    <subfield code="d">1866-1932</subfield>
  </datafield>
  <datafield tag="400" ind1="1" ind2=" ">
    <subfield code="a">Mehmetkuluzâde, Celil,</subfield>
    <subfield code="d">1866-1932</subfield>
  </datafield>
  <datafield tag="500" ind1="0" ind2=" ">
    <subfield code="a">Molla Năsrăddin,</subfield>
    <subfield code="d">1866-1932</subfield>
  </datafield>
  <datafield tag="663" ind1=" " ind2=" ">
    <subfield code="a">For works of this author entered under another name, see also under</subfield>
    <subfield code="b">Molla Năsrăddin, 1866-1932</subfield>
  </datafield>
  <datafield tag="667" ind1=" " ind2=" ">
    <subfield code="a">Non-Latin script references not evaluated.</subfield>
  </datafield>
  <datafield tag="670" ind1=" " ind2=" ">
    <subfield code="a">His Ăsărlări, 6 jilddă, 1983- :</subfield>
    <subfield code="b">v. 1, t.p. (Jălil Mămmădguluzadă) p. v (1866-1931) colophon (Mamedkulizade, Dzhalil)</subfield>
  </datafield>
  <datafield tag="670" ind1=" " ind2=" ">
    <subfield code="a">His Izbrannye proizvedenii︠a︡, 1940:</subfield>
    <subfield code="b">t.p. (Dzhalil Mamed-Kuli-zade; Molla Nasreddin)</subfield>
  </datafield>
  <datafield tag="670" ind1=" " ind2=" ">
    <subfield code="a">Ibraḣimov, M. Bȯi̐u̇k demokrat Molla Năsrăddin, 1957.</subfield>
  </datafield>
  <datafield tag="670" ind1=" " ind2=" ">
    <subfield code="a">Qinuli, 1990:</subfield>
    <subfield code="b">t.p. (Jalil Mamedgulizade)</subfield>
  </datafield>
  <datafield tag="670" ind1=" " ind2=" ">
    <subfield code="a">Jalil Mammadguluzadah, 2003:</subfield>
    <subfield code="b">p. 1 (1869-1932)</subfield>
  </datafield>
  <datafield tag="670" ind1=" " ind2=" ">
    <subfield code="a">Azărbai̐jan sovet ensiklopedii̐asy, 1976-1987:</subfield>
    <subfield code="b">(Mămmădguluzadă Jălil Ḣu̇sei̐ngulu oghly; literary pseudonym Molla Năsrăddin; b. Feb. 10, 1866; d. Jan. 4, 1932)</subfield>
  </datafield>
  <datafield tag="670" ind1=" " ind2=" ">
    <subfield code="a">Seçilmiş äsärläri, 2003:</subfield>
    <subfield code="b">t.p. (Cälil Mämmädquluzadä)</subfield>
  </datafield>
  <datafield tag="670" ind1=" " ind2=" ">
    <subfield code="a">Mehmetkuluzâde, H. Mūnis-i rūzʹhā-yi zindagī, 2000 or 2001:</subfield>
    <subfield code="b">t.p. (Mīrzā Jalīl Muḥammad Qulīʹzādah) t.p. verso (Iranian CIP data: Muḥammad Qulīʹzādah, Jalīl; b. 1869; d. 1932)</subfield>
  </datafield>
  <datafield tag="670" ind1=" " ind2=" ">
    <subfield code="a">Ălii̐ev, A. Mirzä Cälil vä Azärbaycan mätbuatı, 2005.</subfield>
  </datafield>
  <datafield tag="670" ind1=" " ind2=" ">
    <subfield code="a">I̐erevanly, Ă. I̐. Jalil Mamedkowlizaden ew hay zhoghovowrdě, 1966.</subfield>
  </datafield>
  <datafield tag="670" ind1=" " ind2=" ">
    <subfield code="a">Mehmetkuluzâde, H. Azerbaycan'da yenilikçi bir öncü, 2002:</subfield>
    <subfield code="b">t.p. (Celil Mehmetkuluzâde)</subfield>
  </datafield>
</record>